@Article{murakami2022,
author={Murakami, Yuta
and Takayoshi, Shintaro
and Kaneko, Tatsuya
and Sun, Zhiyuan
and Gole{\v{z}}, Denis
and Millis, Andrew J.
and Werner, Philipp},
title={Exploring nonequilibrium phases of photo-doped Mott insulators with generalized Gibbs ensembles},
journal={Communications Physics},
year={2022},
month={Jan},
day={13},
volume={5},
number={1},
pages={23},
issn={2399-3650},
doi={10.1038/s42005-021-00799-7},
url={https://doi.org/10.1038/s42005-021-00799-7}
}


@article{Bukov2015,
author = {Marin Bukov and Luca D'Alessio and Anatoli Polkovnikov},
title = {Universal high-frequency behavior of periodically driven systems: from dynamical stabilization to Floquet engineering},
journal = {Advances in Physics},
volume = {64},
number = {2},
pages = {139-226},
year  = {2015},
publisher = {Taylor & Francis},
doi = {10.1080/00018732.2015.1055918},
URL = { 
        https://doi.org/10.1080/00018732.2015.1055918
},
eprint = { 
        https://doi.org/10.1080/00018732.2015.1055918
}
}

@article{Bukov2016,
  title = {Schrieffer-Wolff Transformation for Periodically Driven Systems: Strongly Correlated Systems with Artificial Gauge Fields},
  author = {Bukov, Marin and Kolodrubetz, Michael and Polkovnikov, Anatoli},
  journal = {Phys. Rev. Lett.},
  volume = {116},
  issue = {12},
  pages = {125301},
  numpages = {6},
  year = {2016},
  month = {Mar},
  publisher = {American Physical Society},
  doi = {10.1103/PhysRevLett.116.125301},
  url = {https://link.aps.org/doi/10.1103/PhysRevLett.116.125301}
}

@article{Zala2013PRL,
  title = {Ultrafast Charge Recombination in a Photoexcited Mott-Hubbard Insulator},
  author = {Lenar\ifmmode \check{c}\else \v{c}\fi{}i\ifmmode \check{c}\else \v{c}\fi{}, Zala and Prelov\ifmmode \check{s}\else \v{s}\fi{}ek, Peter},
  journal = {Phys. Rev. Lett.},
  volume = {111},
  issue = {1},
  pages = {016401},
  numpages = {5},
  year = {2013},
  month = {Jul},
  publisher = {American Physical Society},
  doi = {10.1103/PhysRevLett.111.016401},
  url = {https://link.aps.org/doi/10.1103/PhysRevLett.111.016401}
}



@article{PhysRevB.94.174503,
  title = {$\ensuremath{\eta}$-pairing superfluid in periodically-driven fermionic Hubbard model with strong attraction},
  author = {Kitamura, Sota and Aoki, Hideo},
  journal = {Phys. Rev. B},
  volume = {94},
  issue = {17},
  pages = {174503},
  numpages = {10},
  year = {2016},
  month = {Nov},
  publisher = {American Physical Society},
  doi = {10.1103/PhysRevB.94.174503},
  url = {https://link.aps.org/doi/10.1103/PhysRevB.94.174503}
}

@ARTICLE{2015NatCo...6.6708M,
       author = {{Mentink}, J.~H. and {Balzer}, K. and {Eckstein}, M.},
        title = "{Ultrafast and reversible control of the exchange interaction in Mott insulators}",
      journal = {Nature Communications},
     keywords = {Condensed Matter - Strongly Correlated Electrons},
         year = 2015,
        month = mar,
       volume = {6},
          eid = {6708},
        pages = {6708},
          doi = {10.1038/ncomms7708},
archivePrefix = {arXiv},
       eprint = {1407.4761},
 primaryClass = {cond-mat.str-el},
       adsurl = {https://ui.adsabs.harvard.edu/abs/2015NatCo...6.6708M},
      adsnote = {Provided by the SAO/NASA Astrophysics Data System}
}

@article{PhysRevB.55.6504,
  title = {Hole and pair structures in the t-J model},
  author = {White, Steven R. and Scalapino, D. J.},
  journal = {Phys. Rev. B},
  volume = {55},
  issue = {10},
  pages = {6504--6517},
  numpages = {0},
  year = {1997},
  month = {Mar},
  publisher = {American Physical Society},
  doi = {10.1103/PhysRevB.55.6504},
  url = {https://link.aps.org/doi/10.1103/PhysRevB.55.6504}
}
@article{PhysRevB.83.054508,
  title = {Enhanced pairing in the checkerboard Hubbard ladder},
  author = {Karakonstantakis, George and Berg, Erez and White, Steven R. and Kivelson, Steven A.},
  journal = {Phys. Rev. B},
  volume = {83},
  issue = {5},
  pages = {054508},
  numpages = {8},
  year = {2011},
  month = {Feb},
  publisher = {American Physical Society},
  doi = {10.1103/PhysRevB.83.054508},
  url = {https://link.aps.org/doi/10.1103/PhysRevB.83.054508}
}


@article{Hirthe2023,
  doi = {10.1038/s41586-022-05437-y},
  url = {https://doi.org/10.1038/s41586-022-05437-y},
  year = {2023},
  month = jan,
  publisher = {Springer Science and Business Media {LLC}},
  volume = {613},
  number = {7944},
  pages = {463--467},
  author = {Sarah Hirthe and Thomas Chalopin and Dominik Bourgund and Petar Bojovi{\'{c}} and Annabelle Bohrdt and Eugene Demler and Fabian Grusdt and Immanuel Bloch and Timon A. Hilker},
  title = {Magnetically mediated hole pairing in fermionic ladders of ultracold atoms},
  journal = {Nature}
}


@ARTICLE{MacDonald1988,
       author = {{MacDonald}, A.~H. and {Girvin}, S.~M. and {Yoshioka}, D.},
        title = "{t/U expansion for the Hubbard model}",
      journal = {\prb},
         year = 1988,
        month = jun,
       volume = {37},
       number = {16},
        pages = {9753-9756},
          doi = {10.1103/PhysRevB.37.9753},
       adsurl = {https://ui.adsabs.harvard.edu/abs/1988PhRvB..37.9753M},
      adsnote = {Provided by the SAO/NASA Astrophysics Data System}
}

@article{troyer1996,
  title = {Properties of lightly doped t-J two-leg ladders},
  author = {Troyer, Matthias and Tsunetsugu, Hirokazu and Rice, T. M.},
  journal = {Phys. Rev. B},
  volume = {53},
  issue = {1},
  pages = {251--267},
  numpages = {0},
  year = {1996},
  month = {Jan},
  publisher = {American Physical Society},
  doi = {10.1103/PhysRevB.53.251},
  url = {https://link.aps.org/doi/10.1103/PhysRevB.53.251}
}

@article{murakami2023suppression,
  title = {Suppression of heating by multicolor driving protocols in Floquet-engineered strongly correlated systems},
  author = {Murakami, Yuta and Sch\"uler, Michael and Arita, Ryotaro and Werner, Philipp},
  journal = {Phys. Rev. B},
  volume = {108},
  issue = {3},
  pages = {035151},
  numpages = {15},
  year = {2023},
  month = {Jul},
  publisher = {American Physical Society},
  doi = {10.1103/PhysRevB.108.035151},
  url = {https://link.aps.org/doi/10.1103/PhysRevB.108.035151}
}


@Article{10.21468/SciPostPhys.14.1.004,
	title={{Quantum order-by-disorder induced phase transition in Rydberg ladders  with staggered detuning}},
	author={Madhumita Sarkar and Mainak Pal and Arnab Sen and Krishnendu Sengupta},
	journal={SciPost Phys.},
	volume={14},
	pages={004},
	year={2023},
	publisher={SciPost},
	doi={10.21468/SciPostPhys.14.1.004},
	url={https://scipost.org/10.21468/SciPostPhys.14.1.004},
}

@article{PhysRevB.102.235154,
  title = {Dynamical transition for a class of integrable models coupled to a bath},
  author = {Sarkar, Madhumita and Sengupta, K.},
  journal = {Phys. Rev. B},
  volume = {102},
  issue = {23},
  pages = {235154},
  numpages = {11},
  year = {2020},
  month = {Dec},
  publisher = {American Physical Society},
  doi = {10.1103/PhysRevB.102.235154},
  url = {https://link.aps.org/doi/10.1103/PhysRevB.102.235154}
}

@article{PhysRevB.103.184309,
  title = {Mobility edge and multifractality in a periodically driven Aubry-Andr\'e model},
  author = {Sarkar, Madhumita and Ghosh, Roopayan and Sen, Arnab and Sengupta, K.},
  journal = {Phys. Rev. B},
  volume = {103},
  issue = {18},
  pages = {184309},
  numpages = {16},
  year = {2021},
  month = {May},
  publisher = {American Physical Society},
  doi = {10.1103/PhysRevB.103.184309},
  url = {https://link.aps.org/doi/10.1103/PhysRevB.103.184309}
}


@article{PhysRevB.105.024301,
  title = {Signatures of multifractality in a periodically driven interacting Aubry-Andr\'e model},
  author = {Sarkar, Madhumita and Ghosh, Roopayan and Sen, Arnab and Sengupta, K.},
  journal = {Phys. Rev. B},
  volume = {105},
  issue = {2},
  pages = {024301},
  numpages = {14},
  year = {2022},
  month = {Jan},
  publisher = {American Physical Society},
  doi = {10.1103/PhysRevB.105.024301},
  url = {https://link.aps.org/doi/10.1103/PhysRevB.105.024301}
}


@article{lenarcic13,
  title = {Charge recombination in undoped cuprates},
  author = {Lenar\ifmmode \check{c}\else \v{c}\fi{}i\ifmmode \check{c}\else \v{c}\fi{}, Zala and Prelov\ifmmode \check{s}\else \v{s}\fi{}ek, Peter},
  journal = {Phys. Rev. B},
  volume = {90},
  issue = {23},
  pages = {235136},
  numpages = {13},
  year = {2014},
  month = {Dec},
  publisher = {American Physical Society},
  doi = {10.1103/PhysRevB.90.235136},
  url = {https://link.aps.org/doi/10.1103/PhysRevB.90.235136}
}

@article{PhysRevB.92.201104,
  title = {Exciton recombination in one-dimensional organic Mott insulators},
  author = {Lenar\ifmmode \check{c}\else \v{c}\fi{}i\ifmmode \check{c}\else \v{c}\fi{}, Zala and Eckstein, Martin and Prelov\ifmmode \check{s}\else \v{s}\fi{}ek, Peter},
  journal = {Phys. Rev. B},
  volume = {92},
  issue = {20},
  pages = {201104},
  numpages = {5},
  year = {2015},
  month = {Nov},
  publisher = {American Physical Society},
  doi = {10.1103/PhysRevB.92.201104},
  url = {https://link.aps.org/doi/10.1103/PhysRevB.92.201104}
}

﻿@Article{Sompet2022,
author={Sompet, Pimonpan
and Hirthe, Sarah
and Bourgund, Dominik
and Chalopin, Thomas
and Bibo, Julian
and Koepsell, Joannis
and Bojovi{\'{c}}, Petar
and Verresen, Ruben
and Pollmann, Frank
and Salomon, Guillaume
and Gross, Christian
and Hilker, Timon A.
and Bloch, Immanuel},
title={Realizing the symmetry-protected Haldane phase in Fermi--Hubbard ladders},
journal={Nature},
year={2022},
month={Jun},
day={01},
volume={606},
number={7914},
pages={484-488},
issn={1476-4687},
doi={10.1038/s41586-022-04688-z},
url={https://doi.org/10.1038/s41586-022-04688-z}
}

@article{RevModPhys.93.041002,
  title = {Colloquium: Nonthermal pathways to ultrafast control in quantum materials},
  author = {de la Torre, Alberto and Kennes, Dante M. and Claassen, Martin and Gerber, Simon and McIver, James W. and Sentef, Michael A.},
  journal = {Rev. Mod. Phys.},
  volume = {93},
  issue = {4},
  pages = {041002},
  numpages = {31},
  year = {2021},
  month = {Oct},
  publisher = {American Physical Society},
  doi = {10.1103/RevModPhys.93.041002},
  url = {https://link.aps.org/doi/10.1103/RevModPhys.93.041002}
}


@article{PhysRevB.100.060408,
  title = {Control of magnetic and topological orders with a DC electric field},
  author = {Takasan, Kazuaki and Sato, Masahiro},
  journal = {Phys. Rev. B},
  volume = {100},
  issue = {6},
  pages = {060408},
  numpages = {6},
  year = {2019},
  month = {Aug},
  publisher = {American Physical Society},
  doi = {10.1103/PhysRevB.100.060408},
  url = {https://link.aps.org/doi/10.1103/PhysRevB.100.060408}
}

@Article{Mentink2015,
author={Mentink, J. H.
and Balzer, K.
and Eckstein, M.},
title={Ultrafast and reversible control of the exchange interaction in Mott insulators},
journal={Nature Communications},
year={2015},
month={Mar},
day={30},
volume={6},
number={1},
pages={6708},
issn={2041-1723},
doi={10.1038/ncomms7708},
url={https://doi.org/10.1038/ncomms7708}
}

﻿@Article{Claassen2017,
author={Claassen, Martin
and Jiang, Hong-Chen
and Moritz, Brian
and Devereaux, Thomas P.},
title={Dynamical time-reversal symmetry breaking and photo-induced chiral spin liquids in frustrated Mott insulators},
journal={Nature Communications},
year={2017},
month={Oct},
day={30},
volume={8},
number={1},
pages={1192},
issn={2041-1723},
doi={10.1038/s41467-017-00876-y},
url={https://doi.org/10.1038/s41467-017-00876-y}
}

@article{PhysRevB.92.035113,
  title = {Charge modulation as fingerprints of phase-string triggered interference},
  author = {Zhu, Zheng and Tian, Chushun and Jiang, Hong-Chen and Qi, Yang and Weng, Zheng-Yu and Zaanen, Jan},
  journal = {Phys. Rev. B},
  volume = {92},
  issue = {3},
  pages = {035113},
  numpages = {13},
  year = {2015},
  month = {Jul},
  publisher = {American Physical Society},
  doi = {10.1103/PhysRevB.92.035113},
  url = {https://link.aps.org/doi/10.1103/PhysRevB.92.035113}
}

@article{PhysRevLett.115.056401,
  title = {One Hole in the Two-Leg $t\text{\ensuremath{-}}J$ Ladder and Adiabatic Continuity to the Noninteracting Limit},
  author = {White, S. R. and Scalapino, D. J. and Kivelson, S. A.},
  journal = {Phys. Rev. Lett.},
  volume = {115},
  issue = {5},
  pages = {056401},
  numpages = {5},
  year = {2015},
  month = {Jul},
  publisher = {American Physical Society},
  doi = {10.1103/PhysRevLett.115.056401},
  url = {https://link.aps.org/doi/10.1103/PhysRevLett.115.056401}
}

@article{murakami2023b,
  title = {Spin, Charge, and $\ensuremath{\eta}$-Spin Separation in One-Dimensional Photodoped Mott Insulators},
  author = {Murakami, Yuta and Takayoshi, Shintaro and Kaneko, Tatsuya and L\"auchli, Andreas M. and Werner, Philipp},
  journal = {Phys. Rev. Lett.},
  volume = {130},
  issue = {10},
  pages = {106501},
  numpages = {7},
  year = {2023},
  month = {Mar},
  publisher = {American Physical Society},
  doi = {10.1103/PhysRevLett.130.106501},
  url = {https://link.aps.org/doi/10.1103/PhysRevLett.130.106501}
}


@article{Okamoto2019SciAdv,
author = {T. Terashige  and T. Ono  and T. Miyamoto  and T. Morimoto  and H. Yamakawa  and N. Kida  and T. Ito  and T. Sasagawa  and T. Tohyama  and H. Okamoto },
title = {Doublon-holon pairing mechanism via exchange interaction in two-dimensional cuprate Mott insulators},
journal = {Science Advances},
volume = {5},
number = {6},
pages = {eaav2187},
year = {2019},
doi = {10.1126/sciadv.aav2187},
URL = {https://www.science.org/doi/abs/10.1126/sciadv.aav2187},
eprint = {https://www.science.org/doi/pdf/10.1126/sciadv.aav2187},
abstract = {An electron and a hole created in cuprate Mott insulators attract each other via spin-spin interactions similar to a Cooper pair. Coupling of charge and spin degrees of freedom is a critical feature of correlated electron oxides, as represented by the spin-related mechanism of a Cooper pair under high-Tc superconductivity. A doublon-holon pair generated on an antiferromagnetic spin background is also predicted to attract each other via the spin-spin interaction J, similar to a Cooper pair, while its evidence is difficult to obtain experimentally. Here, we investigate such an excitonic effect by electroreflectance spectroscopy using terahertz electric field pulses in undoped cuprates: Nd2CuO4, Sr2CuO2Cl2, and La2CuO4. Analyses of the spectral changes of reflectivity under electric fields reveal that the splitting of odd-parity and even-parity excitons, a measure of doublon-holon binding energy, increases with J. This trend is reproduced by t-J\UTF{2013}type model calculations, providing strong evidence of the spin-related doublon-holon pairing. Agreement with the calculations supports the s-wave symmetry of the doublon-holon pair in contrast to the d-wave Cooper pair in doped cuprates.}}


@article{Bittner2020,
  title = {Photoenhanced excitonic correlations in a Mott insulator with nonlocal interactions},
  author = {Bittner, Nikolaj and Gole\ifmmode \check{z}\else \v{z}\fi{}, Denis and Eckstein, Martin and Werner, Philipp},
  journal = {Phys. Rev. B},
  volume = {101},
  issue = {8},
  pages = {085127},
  numpages = {13},
  year = {2020},
  month = {Feb},
  publisher = {American Physical Society},
  doi = {10.1103/PhysRevB.101.085127},
  url = {https://link.aps.org/doi/10.1103/PhysRevB.101.085127}
}

@article{kishida2001,
  title = {Large Third-Order Optical Nonlinearity of Cu-O Chains Investigated by Third-Harmonic Generation Spectroscopy},
  author = {Kishida, H. and Ono, M. and Miura, K. and Okamoto, H. and Izumi, M. and Manako, T. and Kawasaki, M. and Taguchi, Y. and Tokura, Y. and Tohyama, T. and Tsutsui, K. and Maekawa, S.},
  journal = {Phys. Rev. Lett.},
  volume = {87},
  issue = {17},
  pages = {177401},
  numpages = {4},
  year = {2001},
  month = {Oct},
  publisher = {American Physical Society},
  doi = {10.1103/PhysRevLett.87.177401},
  url = {https://link.aps.org/doi/10.1103/PhysRevLett.87.177401}
}


@article{ono2004,
  title = {Linear and nonlinear optical properties of one-dimensional Mott insulators consisting of $\mathrm{Ni}$-halogen chain and $\mathrm{CuO}$-chain compounds},
  author = {Ono, M. and Miura, K. and Maeda, A. and Matsuzaki, H. and Kishida, H. and Taguchi, Y. and Tokura, Y. and Yamashita, M. and Okamoto, H.},
  journal = {Phys. Rev. B},
  volume = {70},
  issue = {8},
  pages = {085101},
  numpages = {20},
  year = {2004},
  month = {Aug},
  publisher = {American Physical Society},
  doi = {10.1103/PhysRevB.70.085101},
  url = {https://link.aps.org/doi/10.1103/PhysRevB.70.085101}
}

@article{lu2015,
  title = {Photoinduced in-gap excitations in the one-dimensional extended Hubbard model},
  author = {Lu, Hantao and Shao, Can and Bon\ifmmode \check{c}\else \v{c}\fi{}a, Janez and Manske, Dirk and Tohyama, Takami},
  journal = {Phys. Rev. B},
  volume = {91},
  issue = {24},
  pages = {245117},
  numpages = {5},
  year = {2015},
  month = {Jun},
  publisher = {American Physical Society},
  doi = {10.1103/PhysRevB.91.245117},
  url = {https://link.aps.org/doi/10.1103/PhysRevB.91.245117}
}

@article{novelli2012,
  title = {Ultrafast optical spectroscopy of the lowest energy excitations in the Mott insulator compound YVO${}_{3}$: Evidence for Hubbard-type excitons},
  author = {Novelli, Fabio and Fausti, Daniele and Reul, Julia and Cilento, Federico and van Loosdrecht, Paul H. M. and Nugroho, Agung A. and Palstra, Thomas T. M. and Gr\"uninger, Markus and Parmigiani, Fulvio},
  journal = {Phys. Rev. B},
  volume = {86},
  issue = {16},
  pages = {165135},
  numpages = {6},
  year = {2012},
  month = {Oct},
  publisher = {American Physical Society},
  doi = {10.1103/PhysRevB.86.165135},
  url = {https://link.aps.org/doi/10.1103/PhysRevB.86.165135}
}

@article{rincon2021,
  title = {Nonequilibrium optical response of a one-dimensional Mott insulator},
  author = {Rinc\'on, Juli\'an and Feiguin, Adrian E.},
  journal = {Phys. Rev. B},
  volume = {104},
  issue = {8},
  pages = {085122},
  numpages = {9},
  year = {2021},
  month = {Aug},
  publisher = {American Physical Society},
  doi = {10.1103/PhysRevB.104.085122},
  url = {https://link.aps.org/doi/10.1103/PhysRevB.104.085122}
}

@article{mazurenko2017,
  title={A cold-atom Fermi--Hubbard antiferromagnet},
  author={Mazurenko, Anton and Chiu, Christie S and Ji, Geoffrey and Parsons, Maxwell F and Kan{\'a}sz-Nagy, M{\'a}rton and Schmidt, Richard and Grusdt, Fabian and Demler, Eugene and Greif, Daniel and Greiner, Markus},
  journal={Nature},
  volume={545},
  number={7655},
  pages={462--466},
  year={2017},
  publisher={Nature Publishing Group UK London},
  issn={1476-4687},
  doi={10.1038/nature22362},
  url={https://doi.org/10.1038/nature22362}
}


@article{xu2023,
  title={Frustration-and doping-induced magnetism in a Fermi--Hubbard simulator},
  author={Xu, Muqing and Kendrick, Lev Haldar and Kale, Anant and Gang, Youqi and Ji, Geoffrey and Scalettar, Richard T and Lebrat, Martin and Greiner, Markus},
  journal={Nature},
  pages={1--6},
  year={2023},
  publisher={Nature Publishing Group UK London},
    issn={1476-4687},
    doi={10.1038/s41586-023-06280-5},
    url={https://doi.org/10.1038/s41586-023-06280-5}
}



@article{bohrdt2022,
  doi = {10.1038/s41567-022-01561-8},
  url = {https://doi.org/10.1038/s41567-022-01561-8},
  year = {2022},
  month = apr,
  publisher = {Springer Science and Business Media {LLC}},
  volume = {18},
  number = {6},
  pages = {651--656},
  author = {Annabelle Bohrdt and Lukas Homeier and Immanuel Bloch and Eugene Demler and Fabian Grusdt},
  title = {Strong pairing in mixed-dimensional bilayer antiferromagnetic Mott insulators},
  journal = {Nature Physics}
}

@article{bohrdt2021,
  title={Exploration of doped quantum magnets with ultracold atoms},
  author={Bohrdt, Annabelle and Homeier, Lukas and Reinmoser, Christian and Demler, Eugene and Grusdt, Fabian},
  journal={Annals of Physics},
  volume={435},
  pages={168651},
  year={2021},
  publisher={Elsevier},
    issn = {0003-4916},
    doi = {https://doi.org/10.1016/j.aop.2021.168651},
    url = {https://www.sciencedirect.com/science/article/pii/S0003491621002578},
}


@article{brown2019,
author = {Peter T. Brown  and Debayan Mitra  and Elmer Guardado-Sanchez  and Reza Nourafkan  and Alexis Reymbaut  and Charles-David Hébert  and Simon Bergeron  and A.-M. S. Tremblay  and Jure Kokalj  and David A. Huse  and Peter Schauß  and Waseem S. Bakr },
title = {Bad metallic transport in a cold atom Fermi-Hubbard system},
journal = {Science},
volume = {363},
number = {6425},
pages = {379-382},
year = {2019},
doi = {10.1126/science.aat4134},
URL = {https://www.science.org/doi/abs/10.1126/science.aat4134},
eprint = {https://www.science.org/doi/pdf/10.1126/science.aat4134},
}

@article{brown2020,
  title={Angle-resolved photoemission spectroscopy of a Fermi--Hubbard system},
  author={Brown, Peter T and Guardado-Sanchez, Elmer and Spar, Benjamin M and Huang, Edwin W and Devereaux, Thomas P and Bakr, Waseem S},
  journal={Nature Physics},
  volume={16},
  number={1},
  pages={26--31},
  year={2020},
  publisher={Nature Publishing Group UK London},
    issn={1745-2481},
    doi={10.1038/s41567-019-0696-0},
    url={https://doi.org/10.1038/s41567-019-0696-0}
}

@article{lenarcic2012,
  title = {Dielectric Breakdown in Spin-Polarized Mott Insulator},
  author = {Lenar\ifmmode \check{c}\else \v{c}\fi{}i\ifmmode \check{c}\else \v{c}\fi{}, Zala and Prelov\ifmmode \check{s}\else \v{s}\fi{}ek, Peter},
  journal = {Phys. Rev. Lett.},
  volume = {108},
  issue = {19},
  pages = {196401},
  numpages = {4},
  year = {2012},
  month = {May},
  publisher = {American Physical Society},
  doi = {10.1103/PhysRevLett.108.196401},
  url = {https://link.aps.org/doi/10.1103/PhysRevLett.108.196401}
}

@article{oka2005,
  title = {Ground-State Decay Rate for the Zener Breakdown in Band and Mott Insulators},
  author = {Oka, Takashi and Aoki, Hideo},
  journal = {Phys. Rev. Lett.},
  volume = {95},
  issue = {13},
  pages = {137601},
  numpages = {4},
  year = {2005},
  month = {Sep},
  publisher = {American Physical Society},
  doi = {10.1103/PhysRevLett.95.137601},
  url = {https://link.aps.org/doi/10.1103/PhysRevLett.95.137601}
}

@article{oka2010,
  title = {Dielectric breakdown in a Mott insulator: Many-body Schwinger-Landau-Zener mechanism studied with a generalized Bethe ansatz},
  author = {Oka, Takashi and Aoki, Hideo},
  journal = {Phys. Rev. B},
  volume = {81},
  issue = {3},
  pages = {033103},
  numpages = {4},
  year = {2010},
  month = {Jan},
  publisher = {American Physical Society},
  doi = {10.1103/PhysRevB.81.033103},
  url = {https://link.aps.org/doi/10.1103/PhysRevB.81.033103}
}

@article{oka2012,
  title = {Nonlinear doublon production in a Mott insulator: Landau-Dykhne method applied to an integrable model},
  author = {Oka, Takashi},
  journal = {Phys. Rev. B},
  volume = {86},
  issue = {7},
  pages = {075148},
  numpages = {13},
  year = {2012},
  month = {Aug},
  publisher = {American Physical Society},
  doi = {10.1103/PhysRevB.86.075148},
  url = {https://link.aps.org/doi/10.1103/PhysRevB.86.075148}
}


@article{werner2019,
  title = {Entropy-cooled nonequilibrium states of the Hubbard model},
  author = {Werner, Philipp and Li, Jianju and Gole\ifmmode \check{z}\else \v{z}\fi{}, Denis and Eckstein, Martin},
  journal = {Phys. Rev. B},
  volume = {100},
  issue = {15},
  pages = {155130},
  numpages = {10},
  year = {2019},
  month = {Oct},
  publisher = {American Physical Society},
  doi = {10.1103/PhysRevB.100.155130},
  url = {https://link.aps.org/doi/10.1103/PhysRevB.100.155130}
}

@article{werner2019a,
  title={Light-induced evaporative cooling of holes in the Hubbard model},
  author={Werner, Philipp and Eckstein, Martin and M{\"u}ller, Markus and Refael, Gil},
  journal={Nature Communications},
  volume={10},
  number={1},
  pages={5556},
  year={2019},
  publisher={Nature Publishing Group UK London},
    issn={2041-1723},
    doi={10.1038/s41467-019-13557-9},
    url={https://doi.org/10.1038/s41467-019-13557-9}
}

@article{gorg2018,
  title={Enhancement and sign change of magnetic correlations in a driven quantum many-body system},
  author={G{\"o}rg, Frederik and Messer, Michael and Sandholzer, Kilian and Jotzu, Gregor and Desbuquois, R{\'e}mi and Esslinger, Tilman},
  journal={Nature},
  volume={553},
  number={7689},
  pages={481--485},
  year={2018},
  publisher={Nature Publishing Group UK London},
    issn={1476-4687},
    doi={10.1038/nature25135},
    url={https://doi.org/10.1038/nature25135}
}


@article{Strohmaier2010,
  title = {Observation of Elastic Doublon Decay in the Fermi-Hubbard Model},
  author = {Strohmaier, Niels and Greif, Daniel and J\"ordens, Robert and Tarruell, Leticia and Moritz, Henning and Esslinger, Tilman and Sensarma, Rajdeep and Pekker, David and Altman, Ehud and Demler, Eugene},
  journal = {Phys. Rev. Lett.},
  volume = {104},
  issue = {8},
  pages = {080401},
  numpages = {4},
  year = {2010},
  month = {Feb},
  publisher = {American Physical Society},
  doi = {10.1103/PhysRevLett.104.080401},
  url = {https://link.aps.org/doi/10.1103/PhysRevLett.104.080401}
}


@article{Sensarma2010a,
  title = {Lifetime of double occupancies in the Fermi-Hubbard model},
  author = {Sensarma, Rajdeep and Pekker, David and Altman, Ehud and Demler, Eugene and Strohmaier, Niels and Greif, Daniel and J\"ordens, Robert and Tarruell, Leticia and Moritz, Henning and Esslinger, Tilman},
  journal = {Phys. Rev. B},
  volume = {82},
  issue = {22},
  pages = {224302},
  numpages = {16},
  year = {2010},
  month = {Dec},
  publisher = {American Physical Society},
  doi = {10.1103/PhysRevB.82.224302},
  url = {https://link.aps.org/doi/10.1103/PhysRevB.82.224302}
}


@article{Eckstein2011thermalization,
  title = {Thermalization of a pump-excited Mott insulator},
  author = {Eckstein, Martin and Werner, Philipp},
  journal = {Phys. Rev. B},
  volume = {84},
  issue = {3},
  pages = {035122},
  numpages = {8},
  year = {2011},
  month = {Jul},
  publisher = {American Physical Society},
  doi = {10.1103/PhysRevB.84.035122},
  url = {https://link.aps.org/doi/10.1103/PhysRevB.84.035122}
}

@incollection{Prelovsek_springer,
  doi = {10.1007/978-3-642-35106-8_1},
  url = {https://doi.org/10.1007/978-3-642-35106-8_1},
  year = {2013},
  publisher = {Springer Berlin Heidelberg},
  pages = {1--30},
  author = {P. Prelov\v{s}ek and J. Bon\v{c}a},
  title = {Ground State and Finite Temperature Lanczos Methods},
  booktitle = {Springer Series in Solid-State Sciences}
}

@article{Lanczos1950,
  doi = {10.6028/jres.045.026},
  url = {https://doi.org/10.6028/jres.045.026},
  year = {1950},
  month = oct,
  publisher = {National Institute of Standards and Technology ({NIST})},
  volume = {45},
  number = {4},
  pages = {255},
  author = {C. Lanczos},
  title = {An iteration method for the solution of the eigenvalue problem of linear differential and integral operators},
  journal = {Journal of Research of the National Bureau of Standards}
}

@article{dagotto1994,
  title = {Correlated electrons in high-temperature superconductors},
  author = {Dagotto, Elbio},
  journal = {Rev. Mod. Phys.},
  volume = {66},
  issue = {3},
  pages = {763--840},
  numpages = {0},
  year = {1994},
  month = {Jul},
  publisher = {American Physical Society},
  doi = {10.1103/RevModPhys.66.763},
  url = {https://link.aps.org/doi/10.1103/RevModPhys.66.763}
}


@article{tohyama2006,
  doi = {10.1143/jpsj.75.034713},
  url = {https://doi.org/10.1143/jpsj.75.034713},
  year = {2006},
  month = mar,
  publisher = {Physical Society of Japan},
  volume = {75},
  number = {3},
  pages = {034713},
  author = {T. Tohyama},
  title = {Symmetry of Photoexcited States and Large-Shift Raman Scattering in Two-Dimensional Mott Insulators},
  journal = {Journal of the Physical Society of Japan}
}

@article{shinjo2021,
  title = {Effect of phase string on single-hole dynamics in the two-leg Hubbard ladder},
  author = {Shinjo, Kazuya and Sota, Shigetoshi and Tohyama, Takami},
  journal = {Phys. Rev. B},
  volume = {103},
  issue = {3},
  pages = {035141},
  numpages = {12},
  year = {2021},
  month = {Jan},
  publisher = {American Physical Society},
  doi = {10.1103/PhysRevB.103.035141},
  url = {https://link.aps.org/doi/10.1103/PhysRevB.103.035141}
}

@article{lee2006,
  title = {Doping a Mott insulator: Physics of high-temperature superconductivity},
  author = {Lee, Patrick A. and Nagaosa, Naoto and Wen, Xiao-Gang},
  journal = {Rev. Mod. Phys.},
  volume = {78},
  issue = {1},
  pages = {17--85},
  numpages = {0},
  year = {2006},
  month = {Jan},
  publisher = {American Physical Society},
  doi = {10.1103/RevModPhys.78.17},
  url = {https://link.aps.org/doi/10.1103/RevModPhys.78.17}
}

@article{Keimer2015,
  doi = {10.1038/nature14165},
  url = {https://doi.org/10.1038/nature14165},
  year = {2015},
  month = feb,
  publisher = {Springer Science and Business Media {LLC}},
  volume = {518},
  number = {7538},
  pages = {179--186},
  author = {B. Keimer and S. A. Kivelson and M. R. Norman and S. Uchida and J. Zaanen},
  title = {From quantum matter to high-temperature superconductivity in copper oxides},
  journal = {Nature}
}

@article{warren1989,
  title = {Cu spin dynamics and superconducting precursor effects in planes above ${T}_{c}$ in ${\mathrm{YBa}}_{2}$${\mathrm{Cu}}_{3}$${\mathrm{O}}_{6.7}$},
  author = {Warren, W. W. and Walstedt, R. E. and Brennert, G. F. and Cava, R. J. and Tycko, R. and Bell, R. F. and Dabbagh, G.},
  journal = {Phys. Rev. Lett.},
  volume = {62},
  issue = {10},
  pages = {1193--1196},
  numpages = {0},
  year = {1989},
  month = {Mar},
  publisher = {American Physical Society},
  doi = {10.1103/PhysRevLett.62.1193},
  url = {https://link.aps.org/doi/10.1103/PhysRevLett.62.1193}
}

@article{corboz2014,
  title = {Competing States in the $t$-$J$ Model: Uniform $d$-Wave State versus Stripe State},
  author = {Corboz, Philippe and Rice, T. M. and Troyer, Matthias},
  journal = {Phys. Rev. Lett.},
  volume = {113},
  issue = {4},
  pages = {046402},
  numpages = {5},
  year = {2014},
  month = {Jul},
  publisher = {American Physical Society},
  doi = {10.1103/PhysRevLett.113.046402},
  url = {https://link.aps.org/doi/10.1103/PhysRevLett.113.046402}
}

@article{Tranquada1995,
  doi = {10.1038/375561a0},
  url = {https://doi.org/10.1038/375561a0},
  year = {1995},
  month = jun,
  publisher = {Springer Science and Business Media {LLC}},
  volume = {375},
  number = {6532},
  pages = {561--563},
  author = {J. M. Tranquada and B. J. Sternlieb and J. D. Axe and Y. Nakamura and S. Uchida},
  title = {Evidence for stripe correlations of spins and holes in copper oxide superconductors},
  journal = {Nature}
}


@article{Wietek2021,
  title = {Stripes, Antiferromagnetism, and the Pseudogap in the Doped Hubbard Model at Finite Temperature},
  author = {Wietek, Alexander and He, Yuan-Yao and White, Steven R. and Georges, Antoine and Stoudenmire, E. Miles},
  journal = {Phys. Rev. X},
  volume = {11},
  issue = {3},
  pages = {031007},
  numpages = {24},
  year = {2021},
  month = {Jul},
  publisher = {American Physical Society},
  doi = {10.1103/PhysRevX.11.031007},
  url = {https://link.aps.org/doi/10.1103/PhysRevX.11.031007}
}

@article{Norman2005,
  doi = {10.1080/00018730500459906},
  url = {https://doi.org/10.1080/00018730500459906},
  year = {2005},
  month = dec,
  publisher = {Informa {UK} Limited},
  volume = {54},
  number = {8},
  pages = {715--733},
  author = {M. R. Norman and D. Pines and C. Kallin},
  title = {The pseudogap: friend or foe of high$\less$i$\greater$T$\less$/i$\greater$$\less$i$\greater$$\less$sub$\greater$c$\less$/sub$\greater$$\less$/i$\greater$?},
  journal = {Advances in Physics}
}

@article{Jaklic2000,
  doi = {10.1080/000187300243381},
  url = {https://doi.org/10.1080/000187300243381},
  year = {2000},
  month = jan,
  publisher = {Informa {UK} Limited},
  volume = {49},
  number = {1},
  pages = {1--92},
  author = {J. Jakli{\v{c}} and P. Prelov{\v{s}}ek},
  title = {Finite-temperature properties of doped antiferromagnets},
  journal = {Advances in Physics}
}




@article{trugman1988,
  title = {Interaction of holes in a Hubbard antiferromagnet and high-temperature superconductivity},
  author = {Trugman, S. A.},
  journal = {Phys. Rev. B},
  volume = {37},
  issue = {4},
  pages = {1597--1603},
  numpages = {0},
  year = {1988},
  month = {Feb},
  publisher = {American Physical Society},
  doi = {10.1103/PhysRevB.37.1597},
  url = {https://link.aps.org/doi/10.1103/PhysRevB.37.1597}
}

@article{maier2006,
  title = {Structure of the Pairing Interaction in the Two-Dimensional Hubbard Model},
  author = {Maier, T. A. and Jarrell, M. S. and Scalapino, D. J.},
  journal = {Phys. Rev. Lett.},
  volume = {96},
  issue = {4},
  pages = {047005},
  numpages = {4},
  year = {2006},
  month = {Feb},
  publisher = {American Physical Society},
  doi = {10.1103/PhysRevLett.96.047005},
  url = {https://link.aps.org/doi/10.1103/PhysRevLett.96.047005}
}

@article{maier2008,
  title = {Dynamics of the Pairing Interaction in the Hubbard and $t\mathrm{\text{\ensuremath{-}}}J$ Models of High-Temperature Superconductors},
  author = {Maier, T. A. and Poilblanc, D. and Scalapino, D. J.},
  journal = {Phys. Rev. Lett.},
  volume = {100},
  issue = {23},
  pages = {237001},
  numpages = {4},
  year = {2008},
  month = {Jun},
  publisher = {American Physical Society},
  doi = {10.1103/PhysRevLett.100.237001},
  url = {https://link.aps.org/doi/10.1103/PhysRevLett.100.237001}
}

@article{gull2014,
  title = {Pairing glue in the two-dimensional Hubbard model},
  author = {Gull, E. and Millis, A. J.},
  journal = {Phys. Rev. B},
  volume = {90},
  issue = {4},
  pages = {041110},
  numpages = {5},
  year = {2014},
  month = {Jul},
  publisher = {American Physical Society},
  doi = {10.1103/PhysRevB.90.041110},
  url = {https://link.aps.org/doi/10.1103/PhysRevB.90.041110}
}

@article{wu2018,
  title = {Pseudogap and Fermi-Surface Topology in the Two-Dimensional Hubbard Model},
  author = {Wu, Wei and Scheurer, Mathias S. and Chatterjee, Shubhayu and Sachdev, Subir and Georges, Antoine and Ferrero, Michel},
  journal = {Phys. Rev. X},
  volume = {8},
  issue = {2},
  pages = {021048},
  numpages = {17},
  year = {2018},
  month = {May},
  publisher = {American Physical Society},
  doi = {10.1103/PhysRevX.8.021048},
  url = {https://link.aps.org/doi/10.1103/PhysRevX.8.021048}
}

@article{dagotto1992,
  title = {Superconductivity in ladders and coupled planes},
  author = {Dagotto, E. and Riera, J. and Scalapino, D.},
  journal = {Phys. Rev. B},
  volume = {45},
  issue = {10},
  pages = {5744--5747},
  numpages = {0},
  year = {1992},
  month = {Mar},
  publisher = {American Physical Society},
  doi = {10.1103/PhysRevB.45.5744},
  url = {https://link.aps.org/doi/10.1103/PhysRevB.45.5744}
}

@article{bonca1989,
  title = {Exact-diagonalization study of the effective model for holes in the planar antiferromagnet},
  author = {Bon\ifmmode \check{c}\else \v{c}\fi{}a, J. and Prelov\ifmmode \check{s}\else \v{s}\fi{}ek, P. and Sega, I.},
  journal = {Phys. Rev. B},
  volume = {39},
  issue = {10},
  pages = {7074--7080},
  numpages = {0},
  year = {1989},
  month = {Apr},
  publisher = {American Physical Society},
  doi = {10.1103/PhysRevB.39.7074},
  url = {https://link.aps.org/doi/10.1103/PhysRevB.39.7074}
}

@article{Chernyshev1998,
  title = {Comprehensive numerical and analytical study of two holes doped into the two-dimensional $t\ensuremath{-}J$ model},
  author = {Chernyshev, A. L. and Leung, P. W. and Gooding, R. J.},
  journal = {Phys. Rev. B},
  volume = {58},
  issue = {20},
  pages = {13594--13613},
  numpages = {0},
  year = {1998},
  month = {Nov},
  publisher = {American Physical Society},
  doi = {10.1103/PhysRevB.58.13594},
  url = {https://link.aps.org/doi/10.1103/PhysRevB.58.13594}
}

@article{bonca2007,
  title = {Numerical approach to the low-doping regime of the $t\text{\ensuremath{-}}J$ model},
  author = {Bon\ifmmode \check{c}\else \v{c}\fi{}a, J. and Maekawa, S. and Tohyama, T.},
  journal = {Phys. Rev. B},
  volume = {76},
  issue = {3},
  pages = {035121},
  numpages = {6},
  year = {2007},
  month = {Jul},
  publisher = {American Physical Society},
  doi = {10.1103/PhysRevB.76.035121},
  url = {https://link.aps.org/doi/10.1103/PhysRevB.76.035121}
}

@article{ogata1990,
  title = {Bethe-ansatz wave function, momentum distribution, and spin correlation in the one-dimensional strongly correlated Hubbard model},
  author = {Ogata, Masao and Shiba, Hiroyuki},
  journal = {Phys. Rev. B},
  volume = {41},
  issue = {4},
  pages = {2326--2338},
  numpages = {0},
  year = {1990},
  month = {Feb},
  publisher = {American Physical Society},
  doi = {10.1103/PhysRevB.41.2326},
  url = {https://link.aps.org/doi/10.1103/PhysRevB.41.2326}
}

@article{shiba1991,
  doi = {10.1142/s0217979291000031},
  url = {https://doi.org/10.1142/s0217979291000031},
  year = {1991},
  month = jan,
  publisher = {World Scientific Pub Co Pte Lt},
  volume = {05},
  number = {01n02},
  pages = {31--44},
  author = {Hiroyuki SHIBA and Masao OGATA},
  title = {{CORRELATION} {FUNCTIONS} {IN} {ONE}-{DIMENSIONAL} {LARGE}-U {HUBBARD} {MODEL}: {ZERO}-{FIELD} {AND} {FINITE}-{FIELD} {CASES}},
  journal = {International Journal of Modern Physics B}
}


@article{Shiba1972,
  doi = {10.1143/ptp.48.2171},
  url = {https://doi.org/10.1143/ptp.48.2171},
  year = {1972},
  month = dec,
  publisher = {Oxford University Press ({OUP})},
  volume = {48},
  number = {6},
  pages = {2171--2186},
  author = {Hiroyuki Shiba},
  title = {Thermodynamic Properties of the One-Dimensional Half-Filled-Band Hubbard Model. {II}},
  journal = {Progress of Theoretical Physics}
}

@book{essler2005one,
  title={The one-dimensional Hubbard model},
  author={Essler, Fabian HL and Frahm, Holger and G{\"o}hmann, Frank and Kl{\"u}mper, Andreas and Korepin, Vladimir E},
  year={2005},
  publisher={Cambridge University Press}
}





@article{Koepsell2019,
  doi = {10.1038/s41586-019-1463-1},
  url = {https://doi.org/10.1038/s41586-019-1463-1},
  year = {2019},
  month = aug,
  publisher = {Springer Science and Business Media {LLC}},
  volume = {572},
  number = {7769},
  pages = {358--362},
  author = {Joannis Koepsell and Jayadev Vijayan and Pimonpan Sompet and Fabian Grusdt and Timon A. Hilker and Eugene Demler and Guillaume Salomon and Immanuel Bloch and Christian Gross},
  title = {Imaging magnetic polarons in the doped Fermi{\textendash}Hubbard model},
  journal = {Nature}
}

@article{Chiu2019,
author = {Christie S. Chiu  and Geoffrey Ji  and Annabelle Bohrdt  and Muqing Xu  and Michael Knap  and Eugene Demler  and Fabian Grusdt  and Markus Greiner  and Daniel Greif },
title = {String patterns in the doped Hubbard model},
journal = {Science},
volume = {365},
number = {6450},
pages = {251-256},
year = {2019},
doi = {10.1126/science.aav3587},
URL = {https://www.science.org/doi/abs/10.1126/science.aav3587},
eprint = {https://www.science.org/doi/pdf/10.1126/science.aav3587}}

@book{giamarchi2003quantum,
  title={Quantum physics in one dimension},
  author={Giamarchi, Thierry},
  volume={121},
  year={2003},
  publisher={Clarendon press}
}

@article{Bohrdt2019,
  doi = {10.1038/s41567-019-0565-x},
  url = {https://doi.org/10.1038/s41567-019-0565-x},
  year = {2019},
  month = jul,
  publisher = {Springer Science and Business Media {LLC}},
  volume = {15},
  number = {9},
  pages = {921--924},
  author = {Annabelle Bohrdt and Christie S. Chiu and Geoffrey Ji and Muqing Xu and Daniel Greif and Markus Greiner and Eugene Demler and Fabian Grusdt and Michael Knap},
  title = {Classifying snapshots of the doped Hubbard model with machine learning},
  journal = {Nature Physics}
}

@article{Trotzky2008,
author = {S. Trotzky  and P. Cheinet  and S. F\"{o}lling  and M. Feld  and U. Schnorrberger  and A. M. Rey  and A. Polkovnikov  and E. A. Demler  and M. D. Lukin  and I. Bloch },
title = {Time-Resolved Observation and Control of Superexchange Interactions with Ultracold Atoms in Optical Lattices},
journal = {Science},
volume = {319},
number = {5861},
pages = {295-299},
year = {2008},
doi = {10.1126/science.1150841},
URL = {https://www.science.org/doi/abs/10.1126/science.1150841},
eprint = {https://www.science.org/doi/pdf/10.1126/science.1150841}}


@article{dimitrova2020,
  title = {Enhanced Superexchange in a Tilted Mott Insulator},
  author = {Dimitrova, Ivana and Jepsen, Niklas and Buyskikh, Anton and Venegas-Gomez, Araceli and Amato-Grill, Jesse and Daley, Andrew and Ketterle, Wolfgang},
  journal = {Phys. Rev. Lett.},
  volume = {124},
  issue = {4},
  pages = {043204},
  numpages = {6},
  year = {2020},
  month = {Jan},
  publisher = {American Physical Society},
  doi = {10.1103/PhysRevLett.124.043204},
  url = {https://link.aps.org/doi/10.1103/PhysRevLett.124.043204}
}


@misc{murakami2023rev,
      title={Photo-induced nonequilibrium states in Mott insulators}, 
      author={Yuta Murakami and Denis Golež and Martin Eckstein and Philipp Werner},
      year={2023},
      eprint={2310.05201},
      archivePrefix={arXiv},
      primaryClass={cond-mat.str-el}
}

@article{Sentef2021,
  title = {Colloquium: Nonthermal pathways to ultrafast control in quantum materials},
  author = {de la Torre, Alberto and Kennes, Dante M. and Claassen, Martin and Gerber, Simon and McIver, James W. and Sentef, Michael A.},
  journal = {Rev. Mod. Phys.},
  volume = {93},
  issue = {4},
  pages = {041002},
  numpages = {31},
  year = {2021},
  month = {Oct},
  publisher = {American Physical Society},
  doi = {10.1103/RevModPhys.93.041002},
  url = {https://link.aps.org/doi/10.1103/RevModPhys.93.041002}
}

@article{kollath2007,
  title = {Quench Dynamics and Nonequilibrium Phase Diagram of the Bose-Hubbard Model},
  author = {Kollath, Corinna and L\"auchli, Andreas M. and Altman, Ehud},
  journal = {Phys. Rev. Lett.},
  volume = {98},
  issue = {18},
  pages = {180601},
  numpages = {4},
  year = {2007},
  month = {Apr},
  publisher = {American Physical Society},
  doi = {10.1103/PhysRevLett.98.180601},
  url = {https://link.aps.org/doi/10.1103/PhysRevLett.98.180601}
}


@article{rosch2008,
  title = {Metastable Superfluidity of Repulsive Fermionic Atoms in Optical Lattices},
  author = {Rosch, Achim and Rasch, David and Binz, Benedikt and Vojta, Matthias},
  journal = {Phys. Rev. Lett.},
  volume = {101},
  issue = {26},
  pages = {265301},
  numpages = {4},
  year = {2008},
  month = {Dec},
  publisher = {American Physical Society},
  doi = {10.1103/PhysRevLett.101.265301},
  url = {https://link.aps.org/doi/10.1103/PhysRevLett.101.265301}
}

@article{kaneko2019,
  title = {Photoinduced $\ensuremath{\eta}$ Pairing in the Hubbard Model},
  author = {Kaneko, Tatsuya and Shirakawa, Tomonori and Sorella, Sandro and Yunoki, Seiji},
  journal = {Phys. Rev. Lett.},
  volume = {122},
  issue = {7},
  pages = {077002},
  numpages = {6},
  year = {2019},
  month = {Feb},
  publisher = {American Physical Society},
  doi = {10.1103/PhysRevLett.122.077002},
  url = {https://link.aps.org/doi/10.1103/PhysRevLett.122.077002}
}

@article{Li2020,
  title = {$\ensuremath{\eta}$-paired superconducting hidden phase in photodoped Mott insulators},
  author = {Li, Jiajun and Golez, Denis and Werner, Philipp and Eckstein, Martin},
  journal = {Phys. Rev. B},
  volume = {102},
  issue = {16},
  pages = {165136},
  numpages = {10},
  year = {2020},
  month = {Oct},
  publisher = {American Physical Society},
  doi = {10.1103/PhysRevB.102.165136},
  url = {https://link.aps.org/doi/10.1103/PhysRevB.102.165136}
}

@misc{Sugimoto2023,
      title={Pump-probe spectroscopy of the one-dimensional extended Hubbard model at half filling}, 
      author={Koudai Sugimoto and Satoshi Ejima},
      year={2023},
      eprint={2305.09909},
      archivePrefix={arXiv},
      primaryClass={cond-mat.str-el}
}

@article{jeckelmann2003,
  title = {Optical excitations in a one-dimensional Mott insulator},
  author = {Jeckelmann, Eric},
  journal = {Phys. Rev. B},
  volume = {67},
  issue = {7},
  pages = {075106},
  numpages = {12},
  year = {2003},
  month = {Feb},
  publisher = {American Physical Society},
  doi = {10.1103/PhysRevB.67.075106},
  url = {https://link.aps.org/doi/10.1103/PhysRevB.67.075106}
}

@article{matsueda2004,
  title = {Dynamical density matrix renormalization group study of photoexcited states in one-dimensional Mott insulators},
  author = {Matsueda, H. and Tohyama, T. and Maekawa, S.},
  journal = {Phys. Rev. B},
  volume = {70},
  issue = {3},
  pages = {033102},
  numpages = {4},
  year = {2004},
  month = {Jul},
  publisher = {American Physical Society},
  doi = {10.1103/PhysRevB.70.033102},
  url = {https://link.aps.org/doi/10.1103/PhysRevB.70.033102}
}

@article{ikeda2021,
  title = {Fermi's golden rule for heating in strongly driven Floquet systems},
  author = {Ikeda, Tatsuhiko N. and Polkovnikov, Anatoli},
  journal = {Phys. Rev. B},
  volume = {104},
  issue = {13},
  pages = {134308},
  numpages = {9},
  year = {2021},
  month = {Oct},
  publisher = {American Physical Society},
  doi = {10.1103/PhysRevB.104.134308},
  url = {https://link.aps.org/doi/10.1103/PhysRevB.104.134308}
}




@article{Murakami2023PRL,
  title = {Spin, Charge, and $\ensuremath{\eta}$-Spin Separation in One-Dimensional Photodoped Mott Insulators},
  author = {Murakami, Yuta and Takayoshi, Shintaro and Kaneko, Tatsuya and L\"auchli, Andreas M. and Werner, Philipp},
  journal = {Phys. Rev. Lett.},
  volume = {130},
  issue = {10},
  pages = {106501},
  numpages = {7},
  year = {2023},
  month = {Mar},
  publisher = {American Physical Society},
  doi = {10.1103/PhysRevLett.130.106501},
  url = {https://link.aps.org/doi/10.1103/PhysRevLett.130.106501}
}

@misc{ueda2023,
      title={Photoinduced $\eta$-pairing correlation in the Hubbard ladder}, 
      author={Ryota Ueda and Kazuhiko Kuroki and Tatsuya Kaneko},
      year={2023},
      eprint={2310.10153},
      archivePrefix={arXiv},
      primaryClass={cond-mat.str-el}
}

@article{sahota2019,
  title = {Many-body recombination in photoexcited insulating cuprates},
  author = {Sahota, Derek G. and Liang, Ruixing and Dion, M. and Fournier, Patrick and D\k{a}bkowska, Hanna A. and Luke, Graeme M. and Dodge, J. Steven},
  journal = {Phys. Rev. Res.},
  volume = {1},
  issue = {3},
  pages = {033214 (R)},
  numpages = {8},
  year = {2019},
  month = {Dec},
  publisher = {American Physical Society},
  doi = {10.1103/PhysRevResearch.1.033214},
  url = {https://link.aps.org/doi/10.1103/PhysRevResearch.1.033214}
}





@article{kaneko2020,
  title = {Charge stiffness and long-range correlation in the optically induced $\ensuremath{\eta}$-pairing state of the one-dimensional Hubbard model},
  author = {Kaneko, Tatsuya and Yunoki, Seiji and Millis, Andrew J.},
  journal = {Phys. Rev. Res.},
  volume = {2},
  issue = {3},
  pages = {032027},
  numpages = {5},
  year = {2020},
  month = {Jul},
  publisher = {American Physical Society},
  doi = {10.1103/PhysRevResearch.2.032027},
  url = {https://link.aps.org/doi/10.1103/PhysRevResearch.2.032027}
}

@article{ejima2020,
  title = {Photoinduced $\ensuremath{\eta}$-pairing at finite temperatures},
  author = {Ejima, Satoshi and Kaneko, Tatsuya and Lange, Florian and Yunoki, Seiji and Fehske, Holger},
  journal = {Phys. Rev. Res.},
  volume = {2},
  issue = {3},
  pages = {032008 (R)},
  numpages = {5},
  year = {2020},
  month = {Jul},
  publisher = {American Physical Society},
  doi = {10.1103/PhysRevResearch.2.032008},
  url = {https://link.aps.org/doi/10.1103/PhysRevResearch.2.032008}
}

@article{tindall2019,
  title = {Heating-Induced Long-Range $\ensuremath{\eta}$ Pairing in the Hubbard Model},
  author = {Tindall, J. and Bu\ifmmode \check{c}\else \v{c}\fi{}a, B. and Coulthard, J. R. and Jaksch, D.},
  journal = {Phys. Rev. Lett.},
  volume = {123},
  issue = {3},
  pages = {030603},
  numpages = {7},
  year = {2019},
  month = {Jul},
  publisher = {American Physical Society},
  doi = {10.1103/PhysRevLett.123.030603},
  url = {https://link.aps.org/doi/10.1103/PhysRevLett.123.030603}
}

@article{shirakawa2020,
  title = {Photoinduced $\ensuremath{\eta}$ pairing in the Kondo lattice model},
  author = {Shirakawa, Tomonori and Miyakoshi, Shohei and Yunoki, Seiji},
  journal = {Phys. Rev. B},
  volume = {101},
  issue = {17},
  pages = {174307},
  numpages = {12},
  year = {2020},
  month = {May},
  publisher = {American Physical Society},
  doi = {10.1103/PhysRevB.101.174307},
  url = {https://link.aps.org/doi/10.1103/PhysRevB.101.174307}
}

@article{KUWAHARA201696,
title = {Floquet–Magnus theory and generic transient dynamics in periodically driven many-body quantum systems},
journal = {Annals of Physics},
volume = {367},
pages = {96-124},
year = {2016},
issn = {0003-4916},
doi = {https://doi.org/10.1016/j.aop.2016.01.012},
url = {https://www.sciencedirect.com/science/article/pii/S0003491616000142},
author = {Tomotaka Kuwahara and Takashi Mori and Keiji Saito}
}
@article{Takahashi2002,
  title = {Nonlinear optical response in two-dimensional Mott insulators},
  author = {Takahashi, Makoto and Tohyama, Takami and Maekawa, Sadamichi},
  journal = {Phys. Rev. B},
  volume = {66},
  issue = {12},
  pages = {125102},
  numpages = {8},
  year = {2002},
  month = {Sep},
  publisher = {American Physical Society},
  doi = {10.1103/PhysRevB.66.125102},
  url = {https://link.aps.org/doi/10.1103/PhysRevB.66.125102}
}

@article{Okamoto2010,
  title = {Ultrafast charge dynamics in photoexcited ${\text{Nd}}_{2}{\text{CuO}}_{4}$ and ${\text{La}}_{2}{\text{CuO}}_{4}$ cuprate compounds investigated by femtosecond absorption spectroscopy},
  author = {Okamoto, H. and Miyagoe, T. and Kobayashi, K. and Uemura, H. and Nishioka, H. and Matsuzaki, H. and Sawa, A. and Tokura, Y.},
  journal = {Phys. Rev. B},
  volume = {82},
  issue = {6},
  pages = {060513},
  numpages = {4},
  year = {2010},
  month = {Aug},
  publisher = {American Physical Society},
  doi = {10.1103/PhysRevB.82.060513},
  url = {https://link.aps.org/doi/10.1103/PhysRevB.82.060513}
}

@article{Okamoto2011,
  title = {Photoinduced transition from Mott insulator to metal in the undoped cuprates Nd${}_{2}$CuO${}_{4}$ and La${}_{2}$CuO${}_{4}$},
  author = {Okamoto, H. and Miyagoe, T. and Kobayashi, K. and Uemura, H. and Nishioka, H. and Matsuzaki, H. and Sawa, A. and Tokura, Y.},
  journal = {Phys. Rev. B},
  volume = {83},
  issue = {12},
  pages = {125102},
  numpages = {10},
  year = {2011},
  month = {Mar},
  publisher = {American Physical Society},
  doi = {10.1103/PhysRevB.83.125102},
  url = {https://link.aps.org/doi/10.1103/PhysRevB.83.125102}
}

@article{Mehio2023,
  title={A Hubbard exciton fluid in a photo-doped antiferromagnetic Mott insulator},
  author={Mehio, Omar and Li, Xinwei and Ning, Honglie and Lenar{\v{c}}i{\v{c}}, Zala and Han, Yuchen and Buchhold, Michael and Porter, Zach and Laurita, Nicholas J and Wilson, Stephen D and Hsieh, David},
  journal={Nature Physics},
  volume={19},
  number={12},
  pages={1876--1882},
  year={2023},
  publisher={Nature Publishing Group UK London}
}

@article{Leung1995,
  title = {Dynamical properties of the single-hole t-J model on a 32-site square lattice},
  author = {Leung, P. W. and Gooding, R. J.},
  journal = {Phys. Rev. B},
  volume = {52},
  issue = {22},
  pages = {R15711--R15714},
  numpages = {0},
  year = {1995},
  month = {Dec},
  publisher = {American Physical Society},
  doi = {10.1103/PhysRevB.52.R15711},
  url = {https://link.aps.org/doi/10.1103/PhysRevB.52.R15711}
}

@article{Kitamura2017,
  title = {Probing and controlling spin chirality in Mott insulators by circularly polarized laser},
  author = {Kitamura, Sota and Oka, Takashi and Aoki, Hideo},
  journal = {Phys. Rev. B},
  volume = {96},
  issue = {1},
  pages = {014406},
  numpages = {10},
  year = {2017},
  month = {Jul},
  publisher = {American Physical Society},
  doi = {10.1103/PhysRevB.96.014406},
  url = {https://link.aps.org/doi/10.1103/PhysRevB.96.014406}
}
@article{Eckardt_2015,
doi = {10.1088/1367-2630/17/9/093039},
url = {https://dx.doi.org/10.1088/1367-2630/17/9/093039},
year = {2015},
month = {sep},
publisher = {IOP Publishing},
volume = {17},
number = {9},
pages = {093039},
author = {André Eckardt and Egidijus Anisimovas},
title = {High-frequency approximation for periodically driven quantum systems from a Floquet-space perspective},
journal = {New Journal of Physics}
}


@article{Bilitewski2015,
  title = {Scattering theory for Floquet-Bloch states},
  author = {Bilitewski, Thomas and Cooper, Nigel R.},
  journal = {Phys. Rev. A},
  volume = {91},
  issue = {3},
  pages = {033601},
  numpages = {20},
  year = {2015},
  month = {Mar},
  publisher = {American Physical Society},
  doi = {10.1103/PhysRevA.91.033601},
  url = {https://link.aps.org/doi/10.1103/PhysRevA.91.033601}
}

@article{kitagawa2011,
  title = {Transport properties of nonequilibrium systems under the application of light: Photoinduced quantum Hall insulators without Landau levels},
  author = {Kitagawa, Takuya and Oka, Takashi and Brataas, Arne and Fu, Liang and Demler, Eugene},
  journal = {Phys. Rev. B},
  volume = {84},
  issue = {23},
  pages = {235108},
  numpages = {13},
  year = {2011},
  month = {Dec},
  publisher = {American Physical Society},
  doi = {10.1103/PhysRevB.84.235108},
  url = {https://link.aps.org/doi/10.1103/PhysRevB.84.235108}
}


@article{sandholzer19,
  title = {Quantum Simulation Meets Nonequilibrium Dynamical Mean-Field Theory: Exploring the Periodically Driven, Strongly Correlated Fermi-Hubbard Model},
  author = {Sandholzer, Kilian and Murakami, Yuta and G\"org, Frederik and Minguzzi, Joaqu\'{\i}n and Messer, Michael and Desbuquois, R\'emi and Eckstein, Martin and Werner, Philipp and Esslinger, Tilman},
  journal = {Phys. Rev. Lett.},
  volume = {123},
  issue = {19},
  pages = {193602},
  numpages = {6},
  year = {2019},
  month = {Nov},
  publisher = {American Physical Society},
  doi = {10.1103/PhysRevLett.123.193602},
  url = {https://link.aps.org/doi/10.1103/PhysRevLett.123.193602}
}

@article{aidelsburger18,
  title={Artificial gauge fields in materials and engineered systems},
  author={Aidelsburger, Monika and Nascimbene, Sylvain and Goldman, Nathan},
  journal={Comptes Rendus Physique},
  volume={19},
  number={6},
  pages={394--432},
  year={2018},
  publisher={Elsevier}
}

@misc{bourgund2023formation,
      title={Formation of stripes in a mixed-dimensional cold-atom Fermi-Hubbard system}, 
      author={Dominik Bourgund and Thomas Chalopin and Petar Bojović and Henning Schlömer and Si Wang and Titus Franz and Sarah Hirthe and Annabelle Bohrdt and Fabian Grusdt and Immanuel Bloch and Timon A. Hilker},
      year={2023},
      eprint={2312.14156},
      archivePrefix={arXiv},
      primaryClass={cond-mat.quant-gas}
}

@article{werner2019b,
  title = {Entropy-cooled nonequilibrium states of the Hubbard model},
  author = {Werner, Philipp and Li, Jianju and Gole\ifmmode \check{z}\else \v{z}\fi{}, Denis and Eckstein, Martin},
  journal = {Phys. Rev. B},
  volume = {100},
  issue = {15},
  pages = {155130},
  numpages = {10},
  year = {2019},
  month = {Oct},
  publisher = {American Physical Society},
  doi = {10.1103/PhysRevB.100.155130},
  url = {https://link.aps.org/doi/10.1103/PhysRevB.100.155130}
}

@article{nava2018,
  title={Cooling quasiparticles in A3C60 fullerides by excitonic mid-infrared absorption},
  author={Nava, Andrea and Giannetti, Claudio and Georges, Antoine and Tosatti, Erio and Fabrizio, Michele},
  journal={Nature Physics},
  volume={14},
  number={2},
  pages={154--159},
  year={2018},
  publisher={Nature Publishing Group UK London}
}